% This file was created with JabRef 2.10.
% Encoding: UTF-8


@Book{wlepuschitz_2014,
  Title                    = {Self-reconfigurable Manufacturing Control based on Ontology-Driven Automation Agents},
  Author                   = {Wilfried Lepuschitz},
  Year                     = {2014},

  Owner                    = {Niko},
  Timestamp                = {2015.03.12}
}

@InProceedings{Lepuschitz_PhaseAgent,
  Title                    = {Phase Agents and Dynamic Routing for Batch Process Automation},
  Author                   = {Wilfried Lepuschitz and Benjamin Groessing and Emilian Axinia and Munir Merdan},

  File                     = {:/Users/Niko/Dropbox/5AHITT/Batch_it/Diplomarbeit/papers/Phase Agents and Dynamic Routing for Batch Process Automation.pdf:PDF},
  Keywords                 = {Agent technology, batch process, flexible automation, dy- namic routing}
}

